<?xml version="1.0" encoding="UTF-8"?><collection><record><leader>07165ntm a2200625 a 4500</leader><controlfield tag="001">006834051</controlfield><controlfield tag="003">MiAaHDL</controlfield><controlfield tag="005">20190719000000.0</controlfield><controlfield tag="006">m        d        </controlfield><controlfield tag="007">cr bn ---auaua</controlfield><controlfield tag="008">090702s1393    ua            00| ||ara d</controlfield><datafield tag="035" ind1=" " ind2=" "><subfield code="a">(MiU)006834051</subfield></datafield><datafield tag="035" ind1=" " ind2=" "><subfield code="a">sdr-miu006834051</subfield></datafield><datafield tag="040" ind1=" " ind2=" "><subfield code="a">MiU</subfield><subfield code="c">MiU</subfield><subfield code="e">amremm</subfield></datafield><datafield tag="043" ind1=" " ind2=" "><subfield code="a">n-us-mi</subfield></datafield><datafield tag="100" ind1="1" ind2=" "><subfield code="6">880-01</subfield><subfield code="a">Zaylaʻī, ʻUthmān ibn ʻAlī,</subfield><subfield code="d">-1342 or 1343.</subfield></datafield><datafield tag="240" ind1="1" ind2="0"><subfield code="6">880-02</subfield><subfield code="a">Tabyīn al-ḥaqāʼiq sharḥ Kanz al-daqāʼiq.</subfield><subfield code="n">juzʼ 5</subfield></datafield><datafield tag="245" ind1="1" ind2="3"><subfield code="6">880-03</subfield><subfield code="a">al-Mujallad al-khāmis min Sharḥ al-Kanz,</subfield><subfield code="f">[796, i.e. 1393].</subfield></datafield><datafield tag="246" ind1="3" ind2=" "><subfield code="i">Edge title (tail):</subfield><subfield code="a">خامس من شرح الكنز للزيلعي</subfield></datafield><datafield tag="260" ind1=" " ind2=" "><subfield code="a">[Cairo,</subfield><subfield code="c">1396].</subfield></datafield><datafield tag="300" ind1=" " ind2=" "><subfield code="a">231 leaves :</subfield><subfield code="b">paper ;</subfield><subfield code="c">260 x 180 (127 x 195) mm.</subfield></datafield><datafield tag="500" ind1=" " ind2=" "><subfield code="a">Shelfmark: Ann Arbor, University of Michigan, Special Collections Library, Isl. Ms. 1006</subfield></datafield><datafield tag="500" ind1=" " ind2=" "><subfield code="a">Origin: As appears in colophon on p.466, copied by Aḥmad al-Ḥalabī al-Ḥanafī with transcription completed in Cairo, 17 Muḥarram 796 [ca. 22 November 1393].</subfield></datafield><datafield tag="500" ind1=" " ind2=" "><subfield code="a">Former shelfmark: Mich. Isl. Ms. temp. no. 155</subfield></datafield><datafield tag="500" ind1=" " ind2=" "><subfield code="a">Binding: Pasteboards now covered with light purple cloth ; Type II binding (with flap) ; board linings in untinted wove paper ; traces of stamped mandorla in upper and lower covers below cloth ; sewn mainly in brown thread, four stations, many threads broken, resewn in a few gatherings toward the close ; once worked endbands, headband gone, core of tailband fully exposed and hanging on by a thread, overall in fair condition with some staining and abrasion ; ill-fitting and likely not original to codex.</subfield></datafield><datafield tag="500" ind1=" " ind2=" "><subfield code="a">Support: non-European (likely Arab) laid paper with roughly 5 laid lines per cm. (vertical, 20 in 38 mm., fairly distinct) and chain lines faint but just barely visible (horizontal) with 4-5 mm. between chains and 45 mm. between groups, lightly burnished and not especially smooth, some inclusions (compare Arabe 205 and Arabe 302 in Humbert, "Papiers non filigranés utilisés au Proche-Orient jusqu’en 1450: essai de typologie," p.32) ; flyleaves in a different non-European (possibly Indian) laid paper ; some pest damage.</subfield></datafield><datafield tag="500" ind1=" " ind2=" "><subfield code="a">Decoration: Section headings and keywords rubricated ; others overlined with two-teeth stroke abbreviation symbol (also in red).</subfield></datafield><datafield tag="500" ind1=" " ind2=" "><subfield code="a">Script: Naskh ; clear, compact Syrian / Egyptian hand in a medium to bold line ; serifless with mainly open counters, pointing in distinct dots, elongation of horizontal strokes, some sweeping descenders, final yāʼ usually unpointed.</subfield></datafield><datafield tag="500" ind1=" " ind2=" "><subfield code="a">Layout: Written mainly in 25 lines per page ; frame-ruled.</subfield></datafield><datafield tag="500" ind1=" " ind2=" "><subfield code="a">Collation: iii, 4 V(40), I+1 (43), I (45), II (49), 18 V(229), I (231), ii ; chiefly quinions ; quire numbering in the form of whole words with catch title in the upper outer corner of the recto of the opening leaf of nearly every quire ; pp.87-92 and 97-104 on later replacement leaves, different hand and paper ; and catchwords present ; foliation in black ink, Hindu-Arabic numerals ; pagination in pencil, Western numerals, supplied during digitization (includes flyleaves with opening table of contents, etc.).</subfield></datafield><datafield tag="500" ind1=" " ind2=" "><subfield code="a">Colophon: "Scribal," reads "تم الكتاب ولله الحمد على احسانه وتفضله وتوفيقه على يد العبد الضعيف احمد الحلبي الحنفي ختم الله له وللمسلمين بالخير في سابع عشر شهر الله المحرم سنة ست وتسعين وسبعمائة جعل الله تعالى عاقبتها الى خير وذلك بالقاهرة المحروسة جعلها الله تعالى دار اسلام الى يوم القيامة اللهم اغفر لمن نظر فيه ودعا لكاتبه ومؤلفه بالرحمة والمغفرة ولجميع المسلمين امين وصلى الله على سيدنا محمد واله وصحبه وسلم وحسبنا الله ونعم الوكيل"</subfield></datafield><datafield tag="500" ind1=" " ind2=" "><subfield code="a">Explicit: "ولو جعلت كانها لم تكن لكانت من ستة وبقي سهم للعصبة والله تعالى اعلم"</subfield></datafield><datafield tag="500" ind1=" " ind2=" "><subfield code="a">Incipit: "رب يسر وصلى الله على سيدنا محمد واله باب طلب الشفعة قال رحمه الله فان علم الشفيع بالشفع بالبيع اشهد في مجلسه [على الطلب] ثم على البائع لو في يده اي اذا كان المبيع في يده او على المشتري او عند العقار ..."</subfield></datafield><datafield tag="500" ind1=" " ind2=" "><subfield code="a">Title from inscription on 'title page' (p.1).</subfield></datafield><datafield tag="500" ind1=" " ind2=" "><subfield code="a">Ms. codex.</subfield></datafield><datafield tag="510" ind1="3" ind2=" "><subfield code="a">Humbert, G. "Papiers non filigranés utilisés au Proche-Orient jusqu’en 1450: essai de typologie." Journal asiatique, 286, no. 1:1-54.</subfield></datafield><datafield tag="510" ind1="4" ind2=" "><subfield code="a">Brockelmann, C. GAL,</subfield><subfield code="c">II 196 (1/III. Cmtre 1)</subfield></datafield><datafield tag="520" ind1="8" ind2=" "><subfield code="a">Fine early copy of the fifth volume of the commentary by ʻUthmān ibn ʻAlī al-Zaylaʻī (d.1342) on Abū al-Barakāt ʻAbd Allāh ibn Aḥmad al-Nasafī's (d.1310) important treatise of Ḥanafī fiqh, Kanz al-daqāʼiq, a synopsis of his own Kitāb al-Wāfī, modelled on the Hidāyah of ʻAlī ibn Abī Bakr al-Marghīnānī (d. 1196 or 7). Table of contents added at opening (see pp.2-3).</subfield></datafield><datafield tag="538" ind1=" " ind2=" "><subfield code="a">Mode of access: Internet.</subfield></datafield><datafield tag="541" ind1=" " ind2=" "><subfield code="a">Acquired in the Fall of 1950.</subfield></datafield><datafield tag="546" ind1=" " ind2=" "><subfield code="a">Arabic.</subfield></datafield><datafield tag="561" ind1=" " ind2=" "><subfield code="a">On upper board lining, label with ex libris of James Heyworth-Dunne (d.1974), stamped with inventory number, "Ex Libris | J. Heyworth-Dunne | D. Lit. (London) | No. 9178" ; ownership statement on added front flyleaf (p.1) in name of Ahmet b. Hüseyin (احمد بن حسين \ Aḥmad ibn Ḥusayn) ; UM Library inscription on 'title page' (p.7) "Dunning | Heyworth-Dunne | 6-13-51 | 71955" ; extensive marginal and interlinear glosses, most unpointed ; collation marks and collation notice at close on p.466 "بلغ تصحيحا باصل المنقول منه وهي التي كتبتها وفرغت منها في ثاني عشر شعبان المكرم سنة اثنتين وتسعين وسبعمائة ولله الحمد والمنة" indicating that this copy was collated with an exemplar completed by the copyist / collator 12 Shaʻbān 792 [ca. 26 July 1390].</subfield></datafield><datafield tag="600" ind1="0" ind2="1"><subfield code="a">Nasafī, ʻAbd Allāh ibn Aḥmad,</subfield><subfield code="d">d. 1310.</subfield><subfield code="t">Kanz al-daqāʼiq.</subfield></datafield><datafield tag="650" ind1=" " ind2="0"><subfield code="a">Manuscripts, Arabic</subfield><subfield code="z">Michigan</subfield><subfield code="z">Ann Arbor.</subfield></datafield><datafield tag="650" ind1=" " ind2="0"><subfield code="a">Hanafites</subfield><subfield code="v">Early works to 1800.</subfield></datafield><datafield tag="650" ind1=" " ind2="0"><subfield code="a">Islamic law</subfield><subfield code="v">Early works to 1800.</subfield></datafield><datafield tag="700" ind1="1" ind2=" "><subfield code="a">Heyworth-Dunne, J.</subfield><subfield code="q">(James),</subfield><subfield code="e">former owner.</subfield></datafield><datafield tag="700" ind1="0" ind2=" "><subfield code="6">880-06</subfield><subfield code="a">Ahmet bin Hüseyin,</subfield><subfield code="e">former owner.</subfield></datafield><datafield tag="700" ind1="0" ind2=" "><subfield code="6">880-05</subfield><subfield code="a">Aḥmad al-Ḥalabī al-Ḥanafī,</subfield><subfield code="d">fl. 1393,</subfield><subfield code="e">scribe.</subfield></datafield><datafield tag="773" ind1="0" ind2=" "><subfield code="a">Heyworth-Dunne Collection.</subfield></datafield><datafield tag="880" ind1="0" ind2=" "><subfield code="6">700-06/</subfield><subfield code="a">احمد بن حسين،</subfield><subfield code="e">مالك سابق.</subfield></datafield><datafield tag="880" ind1="0" ind2=" "><subfield code="6">700-05/</subfield><subfield code="a">احمد الحلبي الحنفي,</subfield><subfield code="e">ناسخ.</subfield></datafield><datafield tag="880" ind1="1" ind2="2"><subfield code="6">245-03/</subfield><subfield code="a">المجلد الخامس من شرح الكنز,</subfield><subfield code="f">[796ه، 1393م].</subfield></datafield><datafield tag="880" ind1="1" ind2="0"><subfield code="6">240-02/</subfield><subfield code="a">تبيين الحقائق شرح كنز الدقائق.</subfield><subfield code="n">جزء 5</subfield></datafield><datafield tag="880" ind1="1" ind2=" "><subfield code="6">100-01/</subfield><subfield code="a">زيلعي، عثمان بن علي.</subfield></datafield><datafield tag="CID" ind1=" " ind2=" "><subfield code="a">006834051</subfield></datafield><datafield tag="DAT" ind1="0" ind2=" "><subfield code="a">20190719102641.0</subfield><subfield code="b">20190719000000.0</subfield></datafield><datafield tag="DAT" ind1="1" ind2=" "><subfield code="a">20190719090653.0</subfield><subfield code="b">2019-07-19T16:12:14Z</subfield></datafield><datafield tag="DAT" ind1="2" ind2=" "><subfield code="a">2015-10-02T18:00:03Z</subfield></datafield><datafield tag="CAT" ind1=" " ind2=" "><subfield code="a">SDR-MIU</subfield><subfield code="d">EX LIBRIS - ALEPH</subfield><subfield code="l">prepare.pl-004-008</subfield></datafield><datafield tag="FMT" ind1=" " ind2=" "><subfield code="a">BK</subfield></datafield><datafield tag="HOL" ind1=" " ind2=" "><subfield code="0">sdr-miu006834051</subfield><subfield code="a">MiU</subfield><subfield code="b">SDR</subfield><subfield code="c">MIU</subfield><subfield code="p">mdp.39015079131937</subfield><subfield code="s">MIU</subfield><subfield code="1">006834051</subfield></datafield><datafield tag="974" ind1=" " ind2=" "><subfield code="b">MIU</subfield><subfield code="c">MIU</subfield><subfield code="d">20190719</subfield><subfield code="s">lit-dlps-dc</subfield><subfield code="u">mdp.39015079131937</subfield><subfield code="y">1393</subfield><subfield code="r">pd</subfield><subfield code="q">bib</subfield><subfield code="t">non-US bib date1 &lt; 1879</subfield></datafield></record></collection>